<record><leader>00000cas a22000007a 4500</leader><controlfield tag="001">13513061</controlfield><controlfield tag="008">860430d18711875couwr ne      0    0eng d</controlfield><datafield ind1=" " ind2=" " tag="010"><subfield code="a">sn 86091276 </subfield></datafield><datafield ind1=" " ind2=" " tag="040"><subfield code="a">UNP</subfield><subfield code="b">eng</subfield><subfield code="c">UNP</subfield><subfield code="d">DLC</subfield><subfield code="d">OCL</subfield><subfield code="d">MGN</subfield><subfield code="d">OCLCQ</subfield></datafield><datafield ind1=" " ind2=" " tag="019"><subfield code="a">22298746</subfield></datafield><datafield ind1=" " ind2=" " tag="042"><subfield code="a">msc</subfield></datafield><datafield ind1=" " ind2="4" tag="050"><subfield code="a">AN2.C6</subfield><subfield code="b">P46</subfield></datafield><datafield ind1="0" ind2=" " tag="130"><subfield code="a">People (Pueblo, Colo.)</subfield></datafield><datafield ind1="1" ind2="4" tag="245"><subfield code="a">The People.</subfield></datafield><datafield ind1=" " ind2=" " tag="260"><subfield code="a">Pueblo, Colo. :</subfield><subfield code="b">Pueblo Print. Co.,</subfield><subfield code="c">-1875.</subfield></datafield><datafield ind1=" " ind2=" " tag="300"><subfield code="a">v.</subfield></datafield><datafield ind1=" " ind2=" " tag="310"><subfield code="a">Weekly</subfield></datafield><datafield ind1="1" ind2=" " tag="362"><subfield code="a">Began in Oct. 1871?</subfield></datafield><datafield ind1="0" ind2=" " tag="362"><subfield code="a">-v. 4, no. 15 (Feb. 6, 1875).</subfield></datafield><datafield ind1=" " ind2=" " tag="580"><subfield code="a">Daily ed.: Daily people (Pueblo, Colo.), June-Nov. 1873.</subfield></datafield><datafield ind1=" " ind2=" " tag="580"><subfield code="a">Absorbed by: Colorado chieftain.</subfield></datafield><datafield ind1=" " ind2=" " tag="588"><subfield code="a">Description based on: Vol. 1, no. 46 (Sept. 14, 1872).</subfield></datafield><datafield ind1=" " ind2=" " tag="752"><subfield code="a">United States</subfield><subfield code="b">Colorado</subfield><subfield code="c">Pueblo</subfield><subfield code="d">Pueblo.</subfield></datafield><datafield ind1="1" ind2=" " tag="775"><subfield code="t">Daily people (Pueblo, Colo.)</subfield><subfield code="w">(DLC)sn 92056736</subfield></datafield><datafield ind1="1" ind2="4" tag="785"><subfield code="t">Colorado chieftain (Pueblo, Colo. : 1868)</subfield><subfield code="w">(DLC)sn 84022268</subfield><subfield code="w">(OCoLC)10336014</subfield></datafield></record>